<?xml version="1.0" encoding="utf-8"?>
<record xmlns="http://www.loc.gov/MARC21/slim">
   <leader>01537cas a2200445Ia 4500</leader>
   <controlfield tag="001">1449731</controlfield>
   <controlfield tag="005">20090408200607.0</controlfield>
   <controlfield tag="007">hd-afb---buuu</controlfield>
   <controlfield tag="008">900813d19201957gauuu pea     0uuua0eng d</controlfield>
   <datafield tag="010" ind1=" " ind2=" ">
      <subfield code="a">gua1449731</subfield>
   </datafield>
   <datafield tag="035" ind1=" " ind2=" ">
      <subfield code="a">ocm22211570</subfield>
   </datafield>
   <datafield tag="035" ind1=" " ind2=" ">
      <subfield code="9">01819505</subfield>
   </datafield>
   <datafield tag="035" ind1=" " ind2=" ">
      <subfield code="a">(GUA)1449731</subfield>
   </datafield>
   <datafield tag="040" ind1=" " ind2=" ">
      <subfield code="a">GUA</subfield>
      <subfield code="c">GUA</subfield>
   </datafield>
   <datafield tag="043" ind1=" " ind2=" ">
      <subfield code="a">n-us-ga</subfield>
   </datafield>
   <datafield tag="049" ind1=" " ind2=" ">
      <subfield code="a">[FILM] GUAB</subfield>
   </datafield>
   <datafield tag="090" ind1=" " ind2=" ">
      <subfield code="a">BX801</subfield>
      <subfield code="b">.C3</subfield>
   </datafield>
   <datafield tag="130" ind1="0" ind2=" ">
      <subfield code="a">Bulletin (Catholic Laymen's Association of Georgia)</subfield>
   </datafield>
   <datafield tag="245" ind1="0" ind2="4">
      <subfield code="a">The bulletin</subfield>
   </datafield>
   <datafield tag="260" ind1="0" ind2="0">
      <subfield code="a">Augusta, Ga. :</subfield>
      <subfield code="b">Publicity Dept.,</subfield>
      <subfield code="c">1920-1957.</subfield>
   </datafield>
   <datafield tag="300" ind1=" " ind2=" ">
      <subfield code="a">38 v. :</subfield>
      <subfield code="b">ill.</subfield>
   </datafield>
   <datafield tag="310" ind1=" " ind2=" ">
      <subfield code="a">Fortnightly,</subfield>
      <subfield code="b">Aug. 1954-</subfield>
   </datafield>
   <datafield tag="321" ind1=" " ind2=" ">
      <subfield code="a">Frequency varies,</subfield>
      <subfield code="b">1920-July 1954</subfield>
   </datafield>
   <datafield tag="362" ind1="0" ind2=" ">
      <subfield code="a">Vol. 1, no. 1 (Jan. 1920)-v. 38, no. 15 (Dec. 21, 1957).</subfield>
   </datafield>
   <datafield tag="533" ind1=" " ind2=" ">
      <subfield code="a">Microfilm.</subfield>
      <subfield code="b">Athens, Ga. :</subfield>
      <subfield code="c">University of Georgia Libraries.</subfield>
      <subfield code="e">10 microfilm reels ; 35 mm.</subfield>
   </datafield>
   <datafield tag="550" ind1=" " ind2=" ">
      <subfield code="a">"Official organ of the Catholic Laymen's Association of Georgia."</subfield>
   </datafield>
   <datafield tag="610" ind1="2" ind2="0">
      <subfield code="a">Catholic Church</subfield>
      <subfield code="v">Periodicals.</subfield>
   </datafield>
   <datafield tag="610" ind1="2" ind2="0">
      <subfield code="a">Catholic Church</subfield>
      <subfield code="z">Georgia</subfield>
      <subfield code="v">Periodicals.</subfield>
   </datafield>
   <datafield tag="710" ind1="2" ind2=" ">
      <subfield code="a">Catholic Laymen's Association of Georgia.</subfield>
   </datafield>
   <datafield tag="752" ind1=" " ind2=" ">
      <subfield code="a">United States</subfield>
      <subfield code="b">Georgia</subfield>
      <subfield code="c">Chatham</subfield>
      <subfield code="d">Savannah.</subfield>
   </datafield>
   <datafield tag="752" ind1=" " ind2=" ">
      <subfield code="a">United States</subfield>
      <subfield code="b">Georgia</subfield>
      <subfield code="c">Richmond</subfield>
      <subfield code="d">Augusta.</subfield>
   </datafield>
   <datafield tag="752" ind1=" " ind2=" ">
      <subfield code="a">United States</subfield>
      <subfield code="b">Georgia</subfield>
      <subfield code="c">Fulton</subfield>
      <subfield code="d">Atlanta.</subfield>
   </datafield>
   <datafield tag="785" ind1="0" ind2="6">
      <subfield code="t">Bulletin (Catholic Church.  Diocese of Atlanta (Ga.))</subfield>
   </datafield>
   <datafield tag="785" ind1="0" ind2="6">
      <subfield code="t">Bulletin (Catholic Church.  Diocese of Savannah (Ga.))</subfield>
   </datafield>
   <datafield tag="910" ind1=" " ind2=" ">
      <subfield code="a">cg-8=13=90</subfield>
   </datafield>
   <datafield tag="910" ind1=" " ind2=" ">
      <subfield code="a">CA; NC rcb</subfield>
   </datafield>
   <datafield tag="946" ind1=" " ind2=" ">
      <subfield code="a">Marcive 2009.04.06</subfield>
   </datafield>
   <datafield tag="959" ind1=" " ind2=" ">
      <subfield code="a">microfilm</subfield>
   </datafield>
   <datafield tag="971" ind1=" " ind2=" ">
      <subfield code="a">19900813073111.0</subfield>
   </datafield>
   <datafield tag="973" ind1=" " ind2=" ">
      <subfield code="a">Marcive 2009.04.06</subfield>
      <subfield code="9">LOCAL</subfield>
   </datafield>
   <datafield tag="974" ind1=" " ind2=" ">
      <subfield code="a">cg-8=13=90</subfield>
      <subfield code="9">LOCAL</subfield>
   </datafield>
   <datafield tag="974" ind1=" " ind2=" ">
      <subfield code="a">CA; NC rcb</subfield>
      <subfield code="9">LOCAL</subfield>
   </datafield>
</record>
